@misc{wwf_living_2013,
	author = {{WWF}},
	title = {Living Planet Report 2013 Infographic},
	year = {2013},
	note = {\url{http://goo.gl/G1ZfdQ}}
}

@article{nagappan_realizing_2008,
	title = {Realizing quality improvement through test driven development: results and experiences of four industrial teams},
	journal = {Springer Science + Business Media, {LLC} 2008},
	author = {Nagappan, Nachiappan and Maximilien, E. Michael and Bhat, Thirumalesh and Willians, Laurie},
	year = {2008}
}

@misc{primo_user_2011,
	title = {User Stories – O que são? Como Usar?},
	url = {http://blog.myscrumhalf.com/2011/10/user-stories-o-que-sao-como-usar/},
	author = {Primo, Glauco},
	month = oct,
	year = {2011}
}

@misc{center_for_history_and_new_media_zotero_????,
	title = {Zotero Quick Start Guide},
	url = {http://zotero.org/support/quick_start_guide},
	author = {{Center for History and New Media}},
	annote = {Welcome to {Zotero!View} the Quick Start Guide to learn how to begin collecting, managing, citing, and sharing your research {sources.Thanks} for installing Zotero.}
}

@misc{history_zotero_????,
	title = {Zotero Quick Start Guide},
	url = {http://zotero.org/support/quick_start_guide},
	author = {History, Center for and Media, New}
}

@article{shaban-nejad_managing_2009,
	title = {Managing Requirement Volatility in an Ontology-driven Clinical {LIMS} Using Category Theory},
	volume = {2009},
	issn = {1687-6415},
	url = {http://dx.doi.org/10.1155/2009/917826},
	doi = {10.1155/2009/917826},
	journal = {Int. J. Telemedicine Appl.},
	author = {Shaban-Nejad, Arash and Ormandjieva, Olga and Kassab, Mohamad and Haarslev, Volker},
	month = jan,
	year = {2009},
	pages = {8:1–8:14}
}

@book{schwaber_scrum_2013,
	title = {The Scrum Guide},
	url = {https://www.scrum.org/Portals/0/Documents/Scrum%20Guides/2013/Scrum-Guide.pdf},
	author = {Schwaber, Ken and Sutherland, Jeff},
	year = {2013}
}

@article{rising_scrum_2000,
	title = {The Scrum Software Development Process for Small Teams},
	volume = {17},
	issn = {0740-7459},
	doi = {http://doi.ieeecomputersociety.org/10.1109/52.854065},
	number = {4},
	author = {Rising, Linda and Janoff, Norman S.},
	year = {2000},
	pages = {26--32}
}

@book{__????
}

@incollection{melnik_multiple_2007,
	title = {Multiple perspectives on executable acceptance test-driven development},
	booktitle = {Agile Processes in Software Engineering and Extreme Programming},
	publisher = {Springer},
	author = {Melnik, Grigori and Maurer, Frank},
	year = {2007},
	pages = {245–249}
}

@inproceedings{bjarnason_case_2011,
	address = {New York, {NY}, {USA}},
	series = {{AREW} '11},
	title = {A Case Study on Benefits and Side-effects of Agile Practices in Large-scale Requirements Engineering},
	isbn = {978-1-4503-0890-8},
	url = {http://doi.acm.org/10.1145/2068783.2068786},
	doi = {10.1145/2068783.2068786},
	booktitle = {Proceedings of the 1st Workshop on Agile Requirements Engineering},
	publisher = {{ACM}},
	author = {Bjarnason, Elizabeth and Wnuk, Krzysztof and Regnell, Björn},
	year = {2011},
	keywords = {agile, case study, empirical study, requirements engineering},
	pages = {3:1–3:5}
}

@misc{__????-1
}

@book{society_software_2004,
	address = {{EUA}},
	title = {Software Engineering Body of Knowledge ({SWEBOK)}},
	url = {http://www.swebok.org/},
	publisher = {Angela Burgess},
	author = {Society, {IEEE} Computer},
	editor = {Bourque, Pierre and Dupuis, Robert},
	year = {2004},
	keywords = {imported}
}

@misc{lima_criterios_2011,
	title = {Critérios de Aceitação das User Stories},
	url = {http://blog.myscrumhalf.com/2011/10/criterios-de-aceitacao-das-user-stories/},
	author = {Lima, Ester},
	month = oct,
	year = {2011}
}

@article{rising_scrum_2000-1,
	title = {The Scrum Software Development Process for Small Teams},
	volume = {17},
	issn = {0740-7459},
	doi = {http://doi.ieeecomputersociety.org/10.1109/52.854065},
	number = {4},
	author = {Rising, Linda and Janoff, Norman S.},
	year = {2000},
	pages = {26--32}
}

@inproceedings{sukarno_commonality_2011,
	address = {New York, {NY}, {USA}},
	series = {{MoMM} '11},
	title = {On the Commonality of Iris Biometrics},
	isbn = {978-1-4503-0785-7},
	url = {http://doi.acm.org/10.1145/2095697.2095704},
	doi = {10.1145/2095697.2095704},
	booktitle = {Proceedings of the 9th International Conference on Advances in Mobile Computing and Multimedia},
	publisher = {{ACM}},
	author = {Sukarno, Parman and Bhattacharjee, Nandita and Srinivasan, Bala},
	year = {2011},
	keywords = {commonality, common substring, fuzziness, iris biometric, metric},
	pages = {19–25}
}

@misc{cohn_agile_2009,
	title = {Agile Design: Intentional Yet Emergent},
	url = {http://www.mountaingoatsoftware.com/blog/agile-design-intentional-yet-emergent/},
	author = {Cohn, Mike},
	month = dec,
	year = {2009}
}

@book{electrical_ieee_1998,
	title = {{IEEE} Recommended Practice for Software Requirements Specifications ({IEEE} Std 830-1998)},
	author = {Electrical, Institute of and Engineers, Electronics},
	month = jun,
	year = {1998},
	keywords = {imported}
}

@article{boehm_using_2003,
	title = {Using Risk to Balance Agile and Plan-Driven Methods},
	author = {Boehm, Barry and Turner, Richard},
	month = jun,
	year = {2003}
}

@book{mackinnon_endo-testing:_2000,
	title = {Endo-Testing: Unit Testing with Mock Objects},
	url = {http://instinct.googlecode.com/svn/tags/Release-0.1.6/core/docs/reference/endotesting.pdf},
	author = {Mackinnon, Tim and Freeman, Steve and Craig, Philip},
	year = {2000}
}

@book{group__2013,
	url = {http://www.standishgroup.com/chaos_news/newsletter.php?id=54},
	author = {Group, Standish},
	year = {2013}
}

@misc{machinery_conversation_2006,
	title = {A Conversation with Werner Vogels},
	url = {https://queue.acm.org/detail.cfm?id=1142065},
	author = {Machinery, Association for Computing},
	month = jun,
	year = {2006}
}

@inproceedings{begel_pair_2008,
	address = {New York, {NY}, {USA}},
	series = {{ESEM} '08},
	title = {Pair Programming: What's in It for Me?},
	isbn = {978-1-59593-971-5},
	url = {http://doi.acm.org/10.1145/1414004.1414026},
	doi = {10.1145/1414004.1414026},
	booktitle = {Proceedings of the Second {ACM-IEEE} International Symposium on Empirical Software Engineering and Measurement},
	publisher = {{ACM}},
	author = {Begel, Andrew and Nagappan, Nachiappan},
	year = {2008},
	keywords = {developers, empirical studies, pair programming, survey experiments},
	pages = {120–128}
}

@book{evans_domain-driven_2004,
	address = {Boston},
	title = {Domain-driven design : tackling complexity in the heart of software},
	isbn = {0321125215 9780321125217},
	url = {http://www.worldcat.org/search?qt=worldcat_org_all&q=0321125215},
	publisher = {Addison-Wesley},
	author = {Evans, Eric},
	year = {2004},
	keywords = {design, domain}
}

@article{rising_scrum_2000-2,
	title = {The Scrum Software Development Process for Small Teams},
	volume = {17},
	issn = {0740-7459},
	doi = {http://doi.ieeecomputersociety.org/10.1109/52.854065},
	number = {4},
	author = {Rising, Linda and Janoff, Norman S.},
	year = {2000},
	pages = {26--32}
}
