
@article{rising_scrum_2000,
	title = {The Scrum Software Development Process for Small Teams},
	volume = {17},
	issn = {0740-7459},
	doi = {http://doi.ieeecomputersociety.org/10.1109/52.854065},
	pages = {26-32},
	number = {4},
	author = {Rising, Linda and Janoff, Norman S.},
	date = {2000}
}